% Dummy reference
@article{wilson2020survey,
  title={A survey of unsupervised deep domain adaptation},
  author={Wilson, Garrett and Cook, Diane J},
  journal={ACM Transactions on Intelligent Systems and Technology (TIST)},
  volume={11},
  number={5},
  pages={1--46},
  year={2020},
  publisher={ACM New York, NY, USA}
}

@article{redko2020survey,
  title={A survey on domain adaptation theory: learning bounds and theoretical guarantees},
  author={Redko, Ievgen and Morvant, Emilie and Habrard, Amaury and Sebban, Marc and Bennani, Youn{\`e}s},
  journal={arXiv preprint arXiv:2004.11829},
  year={2020}
}

@article{wang2018theoretical,
  title={Theoretical guarantees of transfer learning},
  author={Wang, Zirui},
  journal={arXiv preprint arXiv:1810.05986},
  year={2018}
}

@article{stojanov2021domain,
  title={Domain adaptation with invariant representation learning: What transformations to learn?},
  author={Stojanov, Petar and Li, Zijian and Gong, Mingming and Cai, Ruichu and Carbonell, Jaime and Zhang, Kun},
  journal={Advances in Neural Information Processing Systems},
  volume={34},
  pages={24791--24803},
  year={2021}
}

@inproceedings{saenko2010adapting,
  title={Adapting visual category models to new domains},
  author={Saenko, Kate and Kulis, Brian and Fritz, Mario and Darrell, Trevor},
  booktitle={Computer Vision--ECCV 2010: 11th European Conference on Computer Vision, Heraklion, Crete, Greece, September 5-11, 2010, Proceedings, Part IV 11},
  pages={213--226},
  year={2010},
  organization={Springer}
}

@inproceedings{long2017deep,
  title={Deep transfer learning with joint adaptation networks},
  author={Long, Mingsheng and Zhu, Han and Wang, Jianmin and Jordan, Michael I},
  booktitle={International conference on machine learning},
  pages={2208--2217},
  year={2017},
  organization={PMLR}
}

@inproceedings{venkateswara2017deep,
  title={Deep hashing network for unsupervised domain adaptation},
  author={Venkateswara, Hemanth and Eusebio, Jose and Chakraborty, Shayok and Panchanathan, Sethuraman},
  booktitle={Proceedings of the IEEE conference on computer vision and pattern recognition},
  pages={5018--5027},
  year={2017}
}

@article{peng2017visda,
  title={Visda: The visual domain adaptation challenge},
  author={Peng, Xingchao and Usman, Ben and Kaushik, Neela and Hoffman, Judy and Wang, Dequan and Saenko, Kate},
  journal={arXiv preprint arXiv:1710.06924},
  year={2017}
}

@inproceedings{xie2018learning,
  title={Learning semantic representations for unsupervised domain adaptation},
  author={Xie, Shaoan and Zheng, Zibin and Chen, Liang and Chen, Chuan},
  booktitle={International conference on machine learning},
  pages={5423--5432},
  year={2018},
  organization={PMLR}
}

@article{stojanov2021domain,
  title={Domain adaptation with invariant representation learning: What transformations to learn?},
  author={Stojanov, Petar and Li, Zijian and Gong, Mingming and Cai, Ruichu and Carbonell, Jaime and Zhang, Kun},
  journal={Advances in Neural Information Processing Systems},
  volume={34},
  pages={24791--24803},
  year={2021}
}

@inproceedings{gu2020spherical,
  title={Spherical space domain adaptation with robust pseudo-label loss},
  author={Gu, Xiang and Sun, Jian and Xu, Zongben},
  booktitle={Proceedings of the IEEE/CVF Conference on Computer Vision and Pattern Recognition},
  pages={9101--9110},
  year={2020}
}

@inproceedings{peng2019moment,
  title={Moment matching for multi-source domain adaptation},
  author={Peng, Xingchao and Bai, Qinxun and Xia, Xide and Huang, Zijun and Saenko, Kate and Wang, Bo},
  booktitle={Proceedings of the IEEE International Conference on Computer Vision},
  pages={1406--1415},
  year={2019}
}

@inproceedings{zou2018unsupervised,
  title={Unsupervised domain adaptation for semantic segmentation via class-balanced self-training},
  author={Zou, Yang and Yu, Zhiding and Kumar, BVK and Wang, Jinsong},
  booktitle={Proceedings of the European conference on computer vision (ECCV)},
  pages={289--305},
  year={2018}
}

@inproceedings{richter2016playing,
  title={Playing for data: Ground truth from computer games},
  author={Richter, Stephan R and Vineet, Vibhav and Roth, Stefan and Koltun, Vladlen},
  booktitle={Computer Vision--ECCV 2016: 14th European Conference, Amsterdam, The Netherlands, October 11-14, 2016, Proceedings, Part II 14},
  pages={102--118},
  year={2016},
  organization={Springer}
}

@inproceedings{cordts2016cityscapes,
  title={The cityscapes dataset for semantic urban scene understanding},
  author={Cordts, Marius and Omran, Mohamed and Ramos, Sebastian and Rehfeld, Timo and Enzweiler, Markus and Benenson, Rodrigo and Franke, Uwe and Roth, Stefan and Schiele, Bernt},
  booktitle={Proceedings of the IEEE conference on computer vision and pattern recognition},
  pages={3213--3223},
  year={2016}
}

@inproceedings{ganin2015unsupervised,
  title={Unsupervised domain adaptation by backpropagation},
  author={Ganin, Yaroslav and Lempitsky, Victor},
  booktitle={International conference on machine learning},
  pages={1180--1189},
  year={2015},
  organization={PMLR}
}

@inproceedings{na2021fixbi,
  title={Fixbi: Bridging domain spaces for unsupervised domain adaptation},
  author={Na, Jaemin and Jung, Heechul and Chang, Hyung Jin and Hwang, Wonjun},
  booktitle={Proceedings of the IEEE/CVF Conference on Computer Vision and Pattern Recognition},
  pages={1094--1103},
  year={2021}
}

@inproceedings{he2016deep,
  title={Deep residual learning for image recognition},
  author={He, Kaiming and Zhang, Xiangyu and Ren, Shaoqing and Sun, Jian},
  booktitle={Proceedings of the IEEE conference on computer vision and pattern recognition},
  pages={770--778},
  year={2016}
}